@article{boldrin1990equilibrium,
  title={Equilibrium models displaying endogenous fluctuations and chaos: a survey},
  author={Boldrin, Michele and Woodford, Michael},
  journal={Journal of Monetary Economics},
  volume={25},
  number={2},
  pages={189--222},
  year={1990},
  publisher={Elsevier}
}

@misc{ganti_2019,
    title={Exogenous Growth Definition}, url={https://www.investopedia.com/terms/e/exogenous-growth.asp}, journal={Investopedia},
    publisher={Investopedia},
    author={Ganti, Akhilesh}, 
    year={2019}, 
    month={Aug}
}

@incollection{goodwin1982growth,
  title={A growth cycle},
  author={Goodwin, Richard M},
  booktitle={Essays in economic dynamics},
  pages={165--170},
  year={1982},
  publisher={Springer}
}

@article{grasselli2012analysis,
  title={An analysis of the Keen model for credit expansion, asset price bubbles and financial fragility},
  author={Grasselli, Matheus R and Lima, B Costa},
  journal={Mathematics and Financial Economics},
  volume={6},
  number={3},
  pages={191--210},
  year={2012},
  publisher={Springer}
}

@phdthesis{maheshwari2015empirical,
  title={An Empirical Study of Goodwin Growth Models},
  author={Maheshwari, Aditya},
  year={2015}
}

@article{minsky1992financial,
  title={The financial instability hypothesis},
  author={Minsky, Hyman P},
  journal={The Jerome Levy Economics Institute Working Paper},
  number={74},
  year={1992}
}

@article{keen1995finance,
  title={Finance and economic breakdown: modeling Minsky’s “financial instability hypothesis”},
  author={Keen, Steve},
  journal={Journal of Post Keynesian Economics},
  volume={17},
  number={4},
  pages={607--635},
  year={1995},
  publisher={Taylor \& Francis}
}

@article{weitzman1983some,
  title={Some macroeconomic implications of alternative compensation systems},
  author={Weitzman, Martin L},
  journal={The Economic Journal},
  volume={93},
  number={372},
  pages={763--783},
  year={1983},
  publisher={JSTOR}
}



  

