@book{goodfellow2016deep,
  title={Deep learning},
  author={Goodfellow, Ian and Bengio, Yoshua and Courville, Aaron and Bengio, Yoshua},
  volume={1},
  year={2016},
  publisher={MIT press Cambridge}
}

@book{nielsen2015NN,
  title={Neural Networks and Deep Learning},
  author={Michael Nielsen},
  volume={1},
  year={2015},
  publisher={Determination Press}
}

@online{3blue1brown,
        title = {Neural networks},
        date = {2017},
        organization = {3Blue1Brown},
        author = {Grant Sanderson},
        url = {https://www.youtube.com/watch?v=aircAruvnKk&list=PLZHQObOWTQDNU6R1_67000Dx_ZCJB-3pi},
}

@book{pythondeeplearning,
author = {Chollet, Francois},
title = {Deep Learning with Python},
year = {2017},
isbn = {1617294438},
publisher = {Manning Publications Co.},
address = {USA},
edition = {1st}
}

@book{james2013introduction,
  title={An Introduction to Statistical Learning: with Applications in R},
  author={James, G. and Witten, D. and Hastie, T. and Tibshirani, R.},
  isbn={9781461471387},
  lccn={13936251},
  series={Springer Texts in Statistics},
  url={https://books.google.ca/books?id=qcI\_AAAAQBAJ},
  year={2013},
  publisher={Springer New York}
}


  

